<record><leader>00000cas a22000007a 4500</leader><controlfield tag="001">14918679</controlfield><controlfield tag="008">861203d191119uutxuwr ne      0    0eng d</controlfield><datafield ind1=" " ind2=" " tag="010"><subfield code="a">sn 86090311 </subfield></datafield><datafield ind1=" " ind2=" " tag="040"><subfield code="a">PPM</subfield><subfield code="b">eng</subfield><subfield code="c">PPM</subfield><subfield code="d">DLC</subfield><subfield code="d">OCLCQ</subfield></datafield><datafield ind1=" " ind2=" " tag="042"><subfield code="a">msc</subfield></datafield><datafield ind1="0" ind2="0" tag="245"><subfield code="a">Sweetwater weekly reporter.</subfield></datafield><datafield ind1="3" ind2="0" tag="246"><subfield code="a">Sweetwater reporter weekly</subfield></datafield><datafield ind1=" " ind2=" " tag="260"><subfield code="a">Sweetwater, Tex. :</subfield><subfield code="b">Reporter Pub. Co.</subfield></datafield><datafield ind1=" " ind2=" " tag="300"><subfield code="a">v. :</subfield><subfield code="b">ill. ;</subfield><subfield code="c">56 cm.</subfield></datafield><datafield ind1=" " ind2=" " tag="310"><subfield code="a">Weekly</subfield></datafield><datafield ind1="1" ind2=" " tag="362"><subfield code="a">Began in 1911?</subfield></datafield><datafield ind1=" " ind2=" " tag="500"><subfield code="a">Sometimes called: Sweetwater reporter weekly.</subfield></datafield><datafield ind1=" " ind2=" " tag="588"><subfield code="a">Description based on: Vol. 16, no. 28 (Nov 10, [1911]).</subfield></datafield><datafield ind1=" " ind2=" " tag="752"><subfield code="a">United States</subfield><subfield code="b">Texas</subfield><subfield code="c">Nolan</subfield><subfield code="d">Sweetwater.</subfield></datafield><datafield ind1="0" ind2=" " tag="775"><subfield code="t">Sweetwater daily reporter</subfield><subfield code="w">(DLC)sn 88084292</subfield></datafield><datafield ind1="0" ind2="0" tag="780"><subfield code="a">Sweetwater reporter (Sweetwater, Tex. : 1896)</subfield><subfield code="w">(OCoLC)14918688</subfield></datafield></record>